@www{Nuclear_reactor,
    author = {Wikimedia Commons},
    title = {Nuclear reactor},
    date = {2023-05-23},
    url = {https://en.wikipedia.org/wiki/Nuclear_reactor},
}
@www{figur2,
    author = {United States Government},
    title = {The Pressurized Water Reactor (PWR)},
    date = {2017-08-10},
    url = {https://www.nrc.gov/reading-rm/basic-ref/students/animated-pwr.html},
}
@www{figur1,
    author = {Wikimedia Commons},
    title = {Nuclear fission},
    date = {2008-08-14},
    url = {https://upload.wikimedia.org/wikipedia/commons/thumb/1/15/Nuclear_fission.svg/800px-Nuclear_fission.svg.png},
}

@www{storage,
    author = {Strål säkerhets myndigheten},
    title = {Hantering av radioaktivt avfall från kärntekniska anläggningar },
    date = {2022-01-25},
    url = {https://www.stralsakerhetsmyndigheten.se/omraden/radioaktivt-avfall/slutforvar/hantering-av-radioaktivt-avfall-fran-karntekniska-anlaggningar/},
}

@www{recycle,
    author = {Orano},
    title = {All about used fuel processing and recycling},
    date = {2023-05-23},
    url = {https://www.orano.group/en/unpacking-nuclear/all-about-used-fuel-processing-and-recycling},
}

@www{mining,
    author = {Dr Dale Dewar},
    title = {Uranium mining and health},
    date = {2013-05},
    url = {https://www.ncbi.nlm.nih.gov/pmc/articles/PMC3653646/},
}